%% This BibTeX bibliography file was created using BibDesk.
%% http://bibdesk.sourceforge.net/


%% Created for Patric Jensfelt at 2014-08-23 22:39:14 +0200 


%% Saved with string encoding Unicode (UTF-8) 
@article{bird2006nltk,
    title={NLTK: the natural language toolkit},
    author={Bird, Steven},
    booktitle={Proceedings of the COLING/ACL on Interactive presentation sessions},
    pages={69--72},
    year={2006},
    organization={Association for Computational Linguistics}
}

@article{pos,
    title={Probabilistic part-of-speech tagging using decision trees},
    author={Schmid, Helmut},
    booktitle={Proceedings of the international conference on new methods in language processing},
    volume={12},
    pages={44--49},
    year={1994},
    organization={Citeseer}
}

